@book{Descartes,
    author    = "Descartes, René and Auguste, Compte",
    title     = "La Géométrie",
	inbook = "La géométrie analytique",
    year      = "1894",
    publisher = "Louis Bahl",
    address   = "Paris"
}

@book{Euler,
	author = "Euler, Leonhard",
	title = "Differentialis de calculi d'Insitutiones",
	year = "1775"
}

@Article{RTS,
author = "Tania, Chytil",
title = "Jeux Mathématiques",
journal = "RTSdecouverte.ch",
year = "2012",
}

@misc{wikianscombe,
  title = {Quartet d'Anscombre},
  howpublished = {\url{https://fr.wikipedia.org/wiki/Quartet_d%27Anscombe}},
  author = {Wikimedia Foundation Inc.},
  note = {Consulté le 19.10.2017},
}

@misc{astropleiade,
  title = {Histoire de l'astronomie},
  author = {Astropleiades},
  howpublished = {\url{https://www.astropleiades.fr/pages/histoire/l-histoire-de-l-astronomie.html}},
  note = {Consulté le 18.12.2017},
}


@misc{echec,
  title = {L'histoire de l'échiquier et des grains de blé},
  author = {Lemer, Migo},
  howpublished = {\url{http://lemigo.free.fr/echecsble/}},
  note = {Consulté le 24.11.2017}
}

@book{kehlmann2011arpenteurs,
  title={Les arpenteurs du monde},
  author={Kehlmann, Daniel},
  year={2011},
  publisher={{\'E}ditions Actes Sud}
}

@misc{napier1614,
  title={Mirifici logarithmorum canonis descriptio},
  author={Napier, John},
  publisher={Edinburgh: Andrew Hart},
  year = {1614}
}

@article{godfroy2000pascal,
  title={Pascal: La g{\'e}om{\'e}trie du hasard},
  author={Godfroy-Genin, Anne-Sophie},
  journal={Math{\'e}matiques et sciences humaines. Mathematics and social sciences},
  number={150},
  year={2000},
  publisher={Centre d’analyse et de math{\'e}matique sociales de l’EHESS}
}

@inproceedings{coumet1970theorie,
  title={La th{\'e}orie du hasard est-elle n{\'e}e par hasard?},
  author={Coumet, Ernest},
  booktitle={Annales. Histoire, Sciences Sociales},
  volume={25},
  number={3},
  pages={574--598},
  year={1970},
  organization={Cambridge University Press}
}